<?xml version="1.0" encoding="UTF-8"?><collection xmlns="http://www.loc.gov/MARC21/slim"><record><leader>00373nam--2200133-i-4500</leader><controlfield tag="001">000049882</controlfield><controlfield tag="002">20161230</controlfield><controlfield tag="005">20161230201047</controlfield><controlfield tag="008">060222s1000------------r-----000-0-eng-d</controlfield><datafield ind1=" " ind2=" " tag="080"><subfield code="a">621.039.514-621.039.524.4-97</subfield></datafield><datafield ind1=" " ind2=" " tag="100"><subfield code="a">Afanasev, V.A</subfield></datafield><datafield ind1=" " ind2=" " tag="245"><subfield code="a">Opredelenie oblasti ustoichivoi raboty kipiashchevo reaktora vk-50</subfield></datafield><datafield ind1=" " ind2=" " tag="260"><subfield code="a">Melekess, Miiar, 1968, 18s</subfield></datafield><datafield ind1=" " ind2=" " tag="852"><subfield code="a">31.195</subfield></datafield></record></collection>